<?xml version="1.0" encoding="UTF-8"?>
<marc:collection xmlns:marc="http://www.loc.gov/MARC21/slim" xmlns:xsi="http://www.w3.org/2001/XMLSchema-instance" xsi:schemaLocation="http://www.loc.gov/MARC21/slim http://www.loc.gov/standards/marcxml/schema/MARC21slim.xsd">
  <marc:record>
    <marc:leader>00932cam a2200289 a 4500</marc:leader>
    <marc:controlfield tag="001">4131923</marc:controlfield>
    <marc:controlfield tag="005">20121004075956.0</marc:controlfield>
    <marc:controlfield tag="008">040305s2004    enka          001 0 eng d</marc:controlfield>
    <marc:datafield tag="020" ind1=" " ind2=" ">
      <marc:subfield code="a">1901903516</marc:subfield>
    </marc:datafield>
    <marc:datafield tag="035" ind1=" " ind2=" ">
      <marc:subfield code="a">(OCoLC)55489136</marc:subfield>
    </marc:datafield>
    <marc:datafield tag="035" ind1=" " ind2=" ">
      <marc:subfield code="a">(NIC)5056383</marc:subfield>
    </marc:datafield>
    <marc:datafield tag="035" ind1=" " ind2=" ">
      <marc:subfield code="a">(CStRLIN)NYCXV5056383-B</marc:subfield>
    </marc:datafield>
    <marc:datafield tag="035" ind1=" " ind2=" ">
      <marc:subfield code="a">(UkOxBHB)L1652719</marc:subfield>
    </marc:datafield>
    <marc:datafield tag="040" ind1=" " ind2=" ">
      <marc:subfield code="a">NIC</marc:subfield>
      <marc:subfield code="c">NIC</marc:subfield>
      <marc:subfield code="d">NjP</marc:subfield>
    </marc:datafield>
    <marc:datafield tag="050" ind1=" " ind2="4">
      <marc:subfield code="a">DA47.9.J3</marc:subfield>
      <marc:subfield code="b">B75 2004</marc:subfield>
    </marc:datafield>
    <marc:datafield tag="245" ind1="0" ind2="0">
      <marc:subfield code="a">British envoys in Japan :</marc:subfield>
      <marc:subfield code="b">1859-1972 /</marc:subfield>
      <marc:subfield code="c">compiled and edited by Hugh Cortazzi ... [et al.].</marc:subfield>
    </marc:datafield>
    <marc:datafield tag="260" ind1=" " ind2=" ">
      <marc:subfield code="a">Folkstone, Kent :</marc:subfield>
      <marc:subfield code="b">Global Oriental,</marc:subfield>
      <marc:subfield code="c">2004.</marc:subfield>
    </marc:datafield>
    <marc:datafield tag="300" ind1=" " ind2=" ">
      <marc:subfield code="a">xii, 352 p. :</marc:subfield>
      <marc:subfield code="b">ill. ;</marc:subfield>
      <marc:subfield code="c">25 cm.</marc:subfield>
    </marc:datafield>
    <marc:datafield tag="440" ind1=" " ind2="0">
      <marc:subfield code="a">Embassies of Asia series ;</marc:subfield>
      <marc:subfield code="v">vol. 1</marc:subfield>
    </marc:datafield>
    <marc:datafield tag="651" ind1=" " ind2="0">
      <marc:subfield code="a">Great Britain</marc:subfield>
      <marc:subfield code="x">Foreign relations</marc:subfield>
      <marc:subfield code="z">Japan.</marc:subfield>
    </marc:datafield>
    <marc:datafield tag="651" ind1=" " ind2="0">
      <marc:subfield code="a">Japan</marc:subfield>
      <marc:subfield code="x">Foreign relations</marc:subfield>
      <marc:subfield code="z">Great Britain.</marc:subfield>
    </marc:datafield>
    <marc:datafield tag="700" ind1="1" ind2=" ">
      <marc:subfield code="a">Cortazzi, Hugh.</marc:subfield>
    </marc:datafield>
    <marc:datafield tag="852" ind1="0" ind2=" ">
      <marc:subfield code="b">f</marc:subfield>
      <marc:subfield code="h">DA47.9.J3</marc:subfield>
      <marc:subfield code="i">B75 2004</marc:subfield>
    </marc:datafield>
    <marc:datafield tag="904" ind1=" " ind2=" ">
      <marc:subfield code="a">sdg</marc:subfield>
      <marc:subfield code="b">a</marc:subfield>
      <marc:subfield code="h">m</marc:subfield>
      <marc:subfield code="c">b</marc:subfield>
      <marc:subfield code="e">20040329</marc:subfield>
    </marc:datafield>
    <marc:datafield tag="998" ind1=" " ind2=" ">
      <marc:subfield code="s">9995</marc:subfield>
    </marc:datafield>
    <marc:datafield tag="999" ind1=" " ind2=" ">
      <marc:subfield code="a">4131923</marc:subfield>
    </marc:datafield>
    <marc:datafield tag="902" ind1=" " ind2=" ">
      <marc:subfield code="a">df</marc:subfield>
      <marc:subfield code="b">m</marc:subfield>
      <marc:subfield code="6">a</marc:subfield>
      <marc:subfield code="7">m</marc:subfield>
      <marc:subfield code="d">v</marc:subfield>
      <marc:subfield code="f">1</marc:subfield>
      <marc:subfield code="e">20040712</marc:subfield>
    </marc:datafield>
  </marc:record>