
  <marc:record>
    <marc:leader>00945nam a2200289   4500</marc:leader>
    <marc:controlfield tag="001">2167669</marc:controlfield>
    <marc:controlfield tag="008">800903s19431945fr            000 0 fre  </marc:controlfield>
    <marc:datafield tag="010" ind1=" " ind2=" ">
      <marc:subfield code="a">   47028799  </marc:subfield>
    </marc:datafield>
    <marc:datafield tag="035" ind1=" " ind2=" ">
      <marc:subfield code="a">(OCoLC)ocm06678681</marc:subfield>
    </marc:datafield>
    <marc:datafield tag="035" ind1=" " ind2=" ">
      <marc:subfield code="9">CJT6026TS</marc:subfield>
    </marc:datafield>
    <marc:datafield tag="040" ind1=" " ind2=" ">
      <marc:subfield code="a">DLC</marc:subfield>
      <marc:subfield code="c">CUI</marc:subfield>
      <marc:subfield code="d">PUL</marc:subfield>
    </marc:datafield>
    <marc:datafield tag="100" ind1="2" ind2=" ">
      <marc:subfield code="a">Debû-Bridel, Jacques,</marc:subfield>
      <marc:subfield code="d">1902-</marc:subfield>
    </marc:datafield>
    <marc:datafield tag="245" ind1="1" ind2="0">
      <marc:subfield code="a">Angleterre (d'Alcuin à Huxley)</marc:subfield>
      <marc:subfield code="c">[par] Argonne [pseud.]</marc:subfield>
    </marc:datafield>
    <marc:datafield tag="260" ind1=" " ind2=" ">
      <marc:subfield code="a">Paris,</marc:subfield>
      <marc:subfield code="c">Éditions de minuit,</marc:subfield>
      <marc:subfield code="c">1943 [i.e. 1945]</marc:subfield>
    </marc:datafield>
    <marc:datafield tag="300" ind1=" " ind2=" ">
      <marc:subfield code="a">61 p.</marc:subfield>
      <marc:subfield code="c">17 cm.</marc:subfield>
    </marc:datafield>
    <marc:datafield tag="500" ind1=" " ind2=" ">
      <marc:subfield code="a">"Première édition publique."</marc:subfield>
    </marc:datafield>
    <marc:datafield tag="500" ind1=" " ind2=" ">
      <marc:subfield code="a">Author's pseud., Argonne, at head of title.</marc:subfield>
    </marc:datafield>
    <marc:datafield tag="651" ind1=" " ind2="0">
      <marc:subfield code="a">Great Britain</marc:subfield>
      <marc:subfield code="x">Relations</marc:subfield>
      <marc:subfield code="z">France.</marc:subfield>
    </marc:datafield>
    <marc:datafield tag="651" ind1=" " ind2="0">
      <marc:subfield code="a">France</marc:subfield>
      <marc:subfield code="x">Relations</marc:subfield>
      <marc:subfield code="z">Great Britain.</marc:subfield>
    </marc:datafield>
    <marc:datafield tag="651" ind1=" " ind2="0">
      <marc:subfield code="a">Great Britain</marc:subfield>
      <marc:subfield code="x">Civilization</marc:subfield>
      <marc:subfield code="x">History.</marc:subfield>
    </marc:datafield>
    <marc:datafield tag="710" ind1="2" ind2=" ">
      <marc:subfield code="a">Editions de Minuit.</marc:subfield>
    </marc:datafield>
    <marc:datafield tag="852" ind1="0" ind2="0">
      <marc:subfield code="b">beac</marc:subfield>
      <marc:subfield code="t">1</marc:subfield>
      <marc:subfield code="h">DA47.1</marc:subfield>
      <marc:subfield code="i">.D35 1945</marc:subfield>
    </marc:datafield>
    <marc:datafield tag="852" ind1="8" ind2="0">
      <marc:subfield code="b">ex</marc:subfield>
      <marc:subfield code="t">1</marc:subfield>
      <marc:subfield code="h">3229.319.28</marc:subfield>
    </marc:datafield>
    <marc:datafield tag="852" ind1="8" ind2=" ">
      <marc:subfield code="b">rcppa</marc:subfield>
      <marc:subfield code="h">1459.287</marc:subfield>
    </marc:datafield>
    <marc:datafield tag="911" ind1=" " ind2=" ">
      <marc:subfield code="a">19990206</marc:subfield>
    </marc:datafield>
    <marc:datafield tag="912" ind1=" " ind2=" ">
      <marc:subfield code="a">19990604052040.0</marc:subfield>
    </marc:datafield>
    <marc:datafield tag="945" ind1=" " ind2=" ">
      <marc:subfield code="a">BEACH</marc:subfield>
      <marc:subfield code="b">1</marc:subfield>
      <marc:subfield code="c">DA47.1</marc:subfield>
      <marc:subfield code="d">.D35 1945</marc:subfield>
    </marc:datafield>
  </marc:record>