
  <marc:record>
    <marc:leader>01876cam a2200397   4500</marc:leader>
    <marc:controlfield tag="001">1917173</marc:controlfield>
    <marc:controlfield tag="005">20100615134245.0</marc:controlfield>
    <marc:controlfield tag="008">711220r19711914nyua     b    001 0 eng  </marc:controlfield>
    <marc:datafield tag="010" ind1=" " ind2=" ">
      <marc:subfield code="a">   78146136 //r973 </marc:subfield>
    </marc:datafield>
    <marc:datafield tag="019" ind1=" " ind2=" ">
      <marc:subfield code="a">221079</marc:subfield>
    </marc:datafield>
    <marc:datafield tag="020" ind1=" " ind2=" ">
      <marc:subfield code="a">0833701851</marc:subfield>
    </marc:datafield>
    <marc:datafield tag="035" ind1=" " ind2=" ">
      <marc:subfield code="a">(OCoLC)ocm00220260</marc:subfield>
    </marc:datafield>
    <marc:datafield tag="035" ind1=" " ind2=" ">
      <marc:subfield code="9">CGR5467TS</marc:subfield>
    </marc:datafield>
    <marc:datafield tag="040" ind1=" " ind2=" ">
      <marc:subfield code="a">DLC</marc:subfield>
      <marc:subfield code="c">DLC</marc:subfield>
      <marc:subfield code="d">PUL</marc:subfield>
    </marc:datafield>
    <marc:datafield tag="041" ind1="1" ind2=" ">
      <marc:subfield code="a">engfre</marc:subfield>
    </marc:datafield>
    <marc:datafield tag="043" ind1=" " ind2=" ">
      <marc:subfield code="a">e-uk---</marc:subfield>
      <marc:subfield code="a">e-fr---</marc:subfield>
    </marc:datafield>
    <marc:datafield tag="050" ind1="0" ind2="0">
      <marc:subfield code="a">DA47.1</marc:subfield>
      <marc:subfield code="b">.B3513 1971</marc:subfield>
    </marc:datafield>
    <marc:datafield tag="082" ind1="0" ind2="0">
      <marc:subfield code="a">301.29/42/044</marc:subfield>
    </marc:datafield>
    <marc:datafield tag="100" ind1="1" ind2=" ">
      <marc:subfield code="a">Bastide, Charles,</marc:subfield>
      <marc:subfield code="d">b. 1875</marc:subfield>
    </marc:datafield>
    <marc:datafield tag="240" ind1="1" ind2="0">
      <marc:subfield code="a">Anglais et Français du XVIIe siècle.</marc:subfield>
      <marc:subfield code="l">English</marc:subfield>
    </marc:datafield>
    <marc:datafield tag="245" ind1="1" ind2="4">
      <marc:subfield code="a">The Anglo-French Entente in the seventeenth century.</marc:subfield>
    </marc:datafield>
    <marc:datafield tag="260" ind1=" " ind2=" ">
      <marc:subfield code="a">New York,</marc:subfield>
      <marc:subfield code="b">B. Franklin</marc:subfield>
      <marc:subfield code="c">[1971]</marc:subfield>
    </marc:datafield>
    <marc:datafield tag="300" ind1=" " ind2=" ">
      <marc:subfield code="a">xiii, 238 p.</marc:subfield>
      <marc:subfield code="b">illus.</marc:subfield>
      <marc:subfield code="c">22 cm.</marc:subfield>
    </marc:datafield>
    <marc:datafield tag="490" ind1="0" ind2=" ">
      <marc:subfield code="a">Burt Franklin research and source works series, 825. Selected essays in history, economics &amp; social science,</marc:subfield>
      <marc:subfield code="v">299</marc:subfield>
    </marc:datafield>
    <marc:datafield tag="500" ind1=" " ind2=" ">
      <marc:subfield code="a">Reprint of the 1914 ed.</marc:subfield>
    </marc:datafield>
    <marc:datafield tag="500" ind1=" " ind2=" ">
      <marc:subfield code="a">Translation of Anglais et Français du dix-septième siècle.</marc:subfield>
    </marc:datafield>
    <marc:datafield tag="504" ind1=" " ind2=" ">
      <marc:subfield code="a">Includes bibliographical footnotes.</marc:subfield>
    </marc:datafield>
    <marc:datafield tag="505" ind1="0" ind2=" ">
      <marc:subfield code="a">Introduction.--From Paris to London under the Merry monarch.--Did Frenchmen learn English in the seventeenth century?--Specimens of English written by Frenchmen.--Gallomania in England (1600-1685).--Huguenot thought in England.--Shakespeare and Christophe Mongoye.--French gazettes in London (1650-1700).--A quarrel in Soho (1682).--The courtship of Pierre Coste, and other letters.--The strange adventures of the translator of Robinson Crusoe, the Chevalier de Thémiseul.</marc:subfield>
    </marc:datafield>
    <marc:datafield tag="651" ind1=" " ind2="0">
      <marc:subfield code="a">Great Britain</marc:subfield>
      <marc:subfield code="x">Relations</marc:subfield>
      <marc:subfield code="z">France.</marc:subfield>
    </marc:datafield>
    <marc:datafield tag="651" ind1=" " ind2="0">
      <marc:subfield code="a">France</marc:subfield>
      <marc:subfield code="x">Relations</marc:subfield>
      <marc:subfield code="z">Great Britain.</marc:subfield>
    </marc:datafield>
    <marc:datafield tag="650" ind1=" " ind2="0">
      <marc:subfield code="a">Comparative literature</marc:subfield>
      <marc:subfield code="x">French and English.</marc:subfield>
    </marc:datafield>
    <marc:datafield tag="650" ind1=" " ind2="0">
      <marc:subfield code="a">Comparative literature</marc:subfield>
      <marc:subfield code="x">English and French.</marc:subfield>
    </marc:datafield>
    <marc:datafield tag="650" ind1=" " ind2="0">
      <marc:subfield code="a">Civilization, Modern</marc:subfield>
      <marc:subfield code="y">17th century.</marc:subfield>
    </marc:datafield>
    <marc:datafield tag="852" ind1="0" ind2="0">
      <marc:subfield code="b">spc</marc:subfield>
      <marc:subfield code="t">1</marc:subfield>
      <marc:subfield code="h">DA47.1</marc:subfield>
      <marc:subfield code="i">.B3513 1971</marc:subfield>
    </marc:datafield>
    <marc:datafield tag="911" ind1=" " ind2=" ">
      <marc:subfield code="a">19981027</marc:subfield>
    </marc:datafield>
    <marc:datafield tag="945" ind1=" " ind2=" ">
      <marc:subfield code="a">SPC</marc:subfield>
      <marc:subfield code="b">1</marc:subfield>
      <marc:subfield code="c">DA47.1</marc:subfield>
      <marc:subfield code="d">.B3513 1971</marc:subfield>
    </marc:datafield>
  </marc:record>
</marc:collection>
